<record><leader>01446cam a2200373 a 4500</leader><controlfield tag="001">1318889</controlfield><controlfield tag="008">900912s1985    njua     b      1 0 eng d</controlfield><datafield ind1=" " ind2=" " tag="010"><subfield code="a">   85042705</subfield></datafield><datafield ind1=" " ind2=" " tag="020"><subfield code="a">0691083932</subfield></datafield><datafield ind1=" " ind2=" " tag="035"><subfield code="a">ocm12078908</subfield></datafield><datafield ind1=" " ind2=" " tag="040"><subfield code="a">DLC</subfield><subfield code="b">eng</subfield><subfield code="c">DLC</subfield></datafield><datafield ind1=" " ind2=" " tag="043"><subfield code="a">e-uk---</subfield></datafield><datafield ind1=" " ind2=" " tag="049"><subfield code="a">AEU</subfield><subfield code="b">eng</subfield></datafield><datafield ind1="0" ind2="0" tag="050"><subfield code="a">QC166</subfield><subfield code="b">.S47 1985</subfield></datafield><datafield ind1="0" ind2=" " tag="082"><subfield code="a">533/.5</subfield><subfield code="2">19</subfield></datafield><datafield ind1="0" ind2=" " tag="090"><subfield code="a">QC 166 S529 1985</subfield></datafield><datafield ind1="1" ind2=" " tag="100"><subfield code="a">Shapin, Steven.</subfield></datafield><datafield ind1="1" ind2="0" tag="245"><subfield code="a">Leviathan and the air-pump :</subfield><subfield code="b">Hobbes, Boyle, and the experimental life : including a translation of Thomas Hobbes, Dialogus physicus de natura aeris by Simon Schaffer /</subfield><subfield code="c">Steven Shapin &amp; Simon Schaffer.</subfield></datafield><datafield ind1=" " ind2=" " tag="260"><subfield code="a">Princeton, N.J. :</subfield><subfield code="b">Princeton University Press,</subfield><subfield code="c">1985.</subfield></datafield><datafield ind1=" " ind2=" " tag="300"><subfield code="a">xiv, 440 p. :</subfield><subfield code="b">ill. ;</subfield><subfield code="c">25 cm.</subfield></datafield><datafield ind1=" " ind2=" " tag="336"><subfield code="a">text</subfield><subfield code="b">txt</subfield><subfield code="2">rdacontent</subfield></datafield><datafield ind1=" " ind2=" " tag="337"><subfield code="a">unmediated</subfield><subfield code="b">n</subfield><subfield code="2">rdamedia</subfield></datafield><datafield ind1=" " ind2=" " tag="338"><subfield code="a">volume</subfield><subfield code="b">nc</subfield><subfield code="2">rdacarrier</subfield></datafield><datafield ind1=" " ind2=" " tag="500"><subfield code="a">Includes index.</subfield></datafield><datafield ind1=" " ind2=" " tag="504"><subfield code="a">Bibliography: p. 394-426.</subfield></datafield><datafield ind1=" " ind2=" " tag="596"><subfield code="a">48</subfield></datafield><datafield ind1="1" ind2="0" tag="600"><subfield code="a">Hobbes, Thomas,</subfield><subfield code="d">1588-1679.</subfield><subfield code="t">Leviathan.</subfield></datafield><datafield ind1="1" ind2="0" tag="600"><subfield code="a">Boyle, Robert,</subfield><subfield code="d">1627-1691.</subfield></datafield><datafield ind1=" " ind2="0" tag="650"><subfield code="a">Air-pump</subfield><subfield code="x">History.</subfield></datafield><datafield ind1=" " ind2="0" tag="650"><subfield code="a">Physics</subfield><subfield code="x">Experiments</subfield><subfield code="x">History.</subfield></datafield><datafield ind1=" " ind2="0" tag="650"><subfield code="a">Science</subfield><subfield code="z">England</subfield><subfield code="x">History.</subfield></datafield><datafield ind1="1" ind2=" " tag="700"><subfield code="a">Schaffer, Simon,</subfield><subfield code="d">1955-</subfield></datafield><datafield ind1="1" ind2="2" tag="700"><subfield code="a">Hobbes, Thomas,</subfield><subfield code="d">1588-1679.</subfield><subfield code="t">Dialogus physicus de natura aeris.</subfield><subfield code="l">English.</subfield><subfield code="f">1985.</subfield></datafield><datafield ind1=" " ind2=" " tag="926"><subfield code="a">QC 166 S529 1985</subfield><subfield code="w">LC</subfield><subfield code="c">1</subfield><subfield code="i">000033832601</subfield><subfield code="d">2/16/2017</subfield><subfield code="e">2/16/2017</subfield><subfield code="k">CHECKEDOUT</subfield><subfield code="l">ON_SHELF</subfield><subfield code="m">UASCITECH</subfield><subfield code="n">100</subfield><subfield code="p">$150.00</subfield><subfield code="r">M</subfield><subfield code="s">Y</subfield><subfield code="t">BOOK</subfield><subfield code="u">5/9/1991</subfield><subfield code="o">.PUBLIC.</subfield></datafield></record>